%http://www2.galcit.caltech.edu/~jeshep/GraphicsBib/NatBib/node3.html

@misc{Call,
     title={{Call for abstract submissions at the 2013 JSM Data Expo}},
    author={{Hofmann, H., Wickham, H.}},
    year={2013}
}

@article{EvalWealth,
		author={{Eggleston, J. S., Gideon, M.}},
		title={{Evaluating wealth data in the redesigned 2014 Survey of Income and Program Participation}},
		year={2017},
		journal={{Social, Economic, and Housing Statistics Division working paper}},
		howpublished={{US Census Bureau}}		
}

@misc{SPack,
       author={Lumley, T.},
       title={{survey: analysis of complex survey samples}},
      year={2014},
      howpublished={{R package version 3.30}}
}



@article{SArt,
       author={Lumley, T.},
       title={{Analysis of complex survey samples}},
      year={2004},
      journal={Journal of Statistical Software},
      volume={9},
      number={1},
      pages={1--19}
}

@misc{poster,
   title={{Safety, Scenery, and Schools in Long Beach, CA: Consistency of Survey and External Data}},
   author={Ackerman, S.},
   year={2013},
   howpublished={{Poster presented at the 2013 Joint Statistical Meetings Data Exposition, Montreal, Canada}}
}

@misc{mapstats,
  title={{mapStats: Geographic display of survey data statistics}},
  author={Ackerman, S.},
  howpublished={{\texttt{R} software package.}},
  url={https://cran.r-project.org/web/packages/mapStats/mapStats.pdf},
  year={2013}
}

@misc{classInt,
  title={{classInt: Choose univariate class intervals}},
  author={{Bivand, R., Ono, H., Dunlap, R., Stigler, M.}},
  howpublished={{\texttt{R} software package.}},
  url={https://cran.r-project.org/web/packages/classInt/classInt.pdf},
  year={2018}
}


@misc{RColorBrewer,
  title={{RColorBrewer: ColorBrewer palettes}},
  author={{Neuwirth, E.}},
  howpublished={{\texttt{R} software package.}},
  url={https://cran.r-project.org/web/packages/RColorBrewer/RColorBrewer.pdf},
  year={2014}
}

@misc{lattice,
  title={{Lattice}},
  author={{Sarkar, D.}},
  howpublished={{\texttt{R} software package.}},
  url={https://cran.r-project.org/web/packages/lattice/lattice.pdf},
  year={2018}
}

%Baldassare, M, Bonner D, Petek S, Shrestha J}

@Booklet{Bal13,
   author={{Baldassare M., Bonner, D., Petek, S., Shrestha, J.}},
   title={{Californians and Education}},
   howpublished={Public Policy Institute of California},
   year={2013},
   url={http://www.ppic.org/content/pubs/survey/S_413MBS.pdf}
 }

@Booklet{CADoE,
author = {{California Deparment of Education}},
title = {{Executive Summary Explaining the Academic Performance Index (API)}},
year = {2012},
url = {http://www.cde.ca.gov/ta/ac/ap/documents/apiexecsummary.pdf}
}


@online{BroadPrize,
author = {{The Broad Prize for Urban Education}},
title ={{About the Broad Prize}},
year = {2013},
url = {http://www.broadprize.org/about/overview.html}
}


@online{CADoF,
author = {{California Department of Finance}},
title ={{2011 City Population Rankings}},
year = {2011},
url = {http://www.cacities.org/UploadedFiles/LeagueInternet/59/59c32753-9e10-4662-8b7b-d1fe6bcea4ba.pdf}
}

@online{LBData,
author = {{City of Long Beach}},
title = {{GIS Data Catalog}},
year = {2013},
url = {http://www.longbeach.gov/ti/gis-maps---data/data-catalog/}
}

@online{LBCrime,
author = {{City of Long Beach Police Department}},
title = {{Crime Statistics}},
year = {2013},
url = {http://www.longbeach.gov/police/crime-info/crime-statistics/}
}

@article{DataExpo,
       author={{Hofmann, H.,Wickham, H., Cook, D.}},
       title={{The 2013 Data Expo of the American Statistical Association}},
      year={2019},
      journal={Computational Statistics},
      volume={XX},
      number={YY}
}


@manual{HHpackage,
    title = {{HH: Statistical Analysis and Data Display: Heiberger and Holland}},
    author = {{Heiberger, R. M.}},
    year = {2013},
    note = {{R package version 2.3-42}},
    url = {http://CRAN.R-project.org/package=HH}
  }



@article{Katz,
       author={{Katz, C. M., Fox, A., Nuno, L., Cortez, M., Choate, D.}},
       title={{Compton, California, Gang Assessment}},
      year={2017},
     journal={National Gang Center (Phoenix, AZ)}
}


@booklet{KFReport,
   author={{Knight Foundation}},
   title={{Knight Soul of the Community 2010: Why People Love Where They Live and Why it Matters: A National Perspective}},
   year={2010},
   url={http://www.soulofthecommunity.org/sites/default/files/SOTC_2010_Report_OVERALL_11-12-10_mh.pdf}
 }   

@booklet{KFDoc,
   author={{Knight Foundation}},
   title={{Knight Foundation Soul of the Community: Data Documentation}},
   year={2010},
   url={http://www.soulofthecommunity.org}  
}

@online{LBPort,
author = {{Port of Long Beach}},
title = {{Port of Long Beach}},
year = {2013},
url = {http://www.polb.com/about/default.asp}
}

@article{Quil10,
  title={{Estimating Risk Stereotype Amplification and the Perceived Risk of Criminal Victimization}},
  Author={{Quillian L., Pager D.}},
  journal={Social Psychology Quarterly},
  volume={73},
  number={1},
  pages={79--104},
  year={2010},
  publisher={Sage Publications}
}

 @Manual{RSoftware,
    title = {R: A Language and Environment for Statistical Computing},
    author = {{R Core Team}},
    organization = {R Foundation for Statistical Computing},
    address = {Vienna, Austria},
    year = {2013},
    url = {http://www.R-project.org/},
  }

@article{Reese,
  title={{See the California cities with the highest, lowest homicide rates}},
  Author={{Reese, P.}},
  journal={Sacramento Bee},
  year={2017},
  url={https://www.sacbee.com/news/local/crime/article181299806.html}
}


@online{CenTables,
author = {{US Census Bureau}},
title = {{Census 2010}},
year = {2010},
url = {https://catalog.data.gov/dataset/2010-census-populations-by-zip-code}
}


@online{CenFacts,
author = {{US Census Bureau}},
title = {{State and County Quick Facts}},
year = {2013},
url = {http://quickfacts.census.gov/qfd/states/06/0643000.html}
}